@article{hopfield:1982,
  author = {J. J. Hopfield},
  title = {Neural networks and physical systems with emergent collective
computational abilities},
  journal = {Proceedings of the National Academy of Sciences of the United States of America},
  year = 1982,
  month = {April},
  volume = {79},
  pages = {2554-2558}
}

@article{fncom:2017,
  author = {Folli, Viola and Leonetti, Marco and Ruocco, Giancarlo},
  title = {On the Maximum Storage Capacity of the Hopfield Model},
  journal = {Frontiers in Computational Neuroscience},
  volume = {10},
  year = {2017},
  doi = {10.3389/fncom.2016.00144},
  issn = {1662-5188}
}